% This file was created with JabRef 2.3b2.
% Encoding: Cp1252

@article{gnerre2011high,
  title={High-quality draft assemblies of mammalian genomes from massively parallel sequence data},
  author={Gnerre, Sante and MacCallum, Iain and Przybylski, Dariusz and Ribeiro, Filipe J and Burton, Joshua N and Walker, Bruce J and Sharpe, Ted and Hall, Giles and Shea, Terrance P and Sykes, Sean and others},
  journal={Proceedings of the National Academy of Sciences},
  volume={108},
  number={4},
  pages={1513--1518},
  year={2011},
  publisher={National Acad Sciences}
}

@article{salzberg2012gage,
  title={{GAGE}: A critical evaluation of genome assemblies and assembly algorithms},
  author={Salzberg, Steven L and Phillippy, Adam M and Zimin, Aleksey and Puiu, Daniela and Magoc, Tanja and Koren, Sergey and Treangen, Todd J and Schatz, Michael C and Delcher, Arthur L and Roberts, Michael and others},
  journal={Genome Research},
  volume={22},
  number={3},
  pages={557--567},
  year={2012},
  publisher={Cold Spring Harbor Lab}
}

@inproceedings{costa2008compression,
  title={Compression of electromyographic signals using image compression techniques},
  author={Costa, Marcus Vin{\'\i}cius Chaffim and de Azevedo Berger, Pedro and da Rocha, Adson Ferreira and de Carvalho, Joao Luiz Azevedo and de Oliveira Nascimento, Francisco Assis},
  booktitle={Engineering in Medicine and Biology Society, 2008. EMBS 2008. 30th Annual International Conference of the IEEE},
  pages={2948--2951},
  year={2008},
  organization={IEEE}
}

@article{ghodsi2013novo,
  title={De novo likelihood-based measures for comparing genome assemblies},
  author={Ghodsi, Mohammadreza and Hill, Christopher M and Astrovskaya, Irina and Lin, Henry and Sommer, Dan D and Koren, Sergey and Pop, Mihai},
  journal={BMC research notes},
  volume={6},
  number={1},
  pages={334},
  year={2013},
  publisher={BioMed Central Ltd}
}

@article{langmead2012fast,
  title={Fast gapped-read alignment with {Bowtie 2}},
  author={Langmead, Ben and Salzberg, Steven L},
  journal={Nature Methods},
  volume={9},
  number={4},
  pages={357--359},
  year={2012},
  publisher={Nature Publishing Group}
}

@article{schmieder2011quality,
  title={Quality control and preprocessing of metagenomic datasets},
  author={Schmieder, Robert and Edwards, Robert},
  journal={Bioinformatics},
  volume={27},
  number={6},
  pages={863--864},
  year={2011},
  publisher={Oxford Univ Press}
}

@article{martin2011cutadapt,
  title={Cutadapt removes adapter sequences from high-throughput sequencing reads},
  author={Martin, Marcel},
  journal={EMBnet. Journal},
  volume={17},
  number={1},
  pages={pp--10},
  year={2011}
}

@article{andrews2010fastqc,
  title={{FastQC}: A quality control tool for high throughput sequence data},
  author={Andrews, S and others},
  journal={Reference Source},
  year={2010}
}

@article{sato2001dna,
  title={DNA data compression in the post genome era},
  author={Sato, Hisahiko and Yoshioka, Takashi and Konagaya, Akihiko and Toyoda, Tetsuro},
  journal={Genome Informatics Series},
  pages={512--514},
  year={2001},
  publisher={Universal Academy Press Inc.}
}

@inproceedings{chen2000compression,
  title={A compression algorithm for {DNA} sequences and its applications in genome comparison},
  author={Chen, Xin and Kwong, Sam and Li, Ming},
  booktitle={Proceedings of the fourth annual international conference on Computational Molecular Biology},
  pages={107},
  year={2000},
  organization={ACM}
}

@article{chen2002dnacompress,
  title={{DNACompress}: fast and effective DNA sequence compression},
  author={Chen, Xin and Li, Ming and Ma, Bin and Tromp, John},
  journal={Bioinformatics},
  volume={18},
  number={12},
  pages={1696--1698},
  year={2002}
}

@article{ewing1998base,
  title={Base-calling of automated sequencer traces using phred. II. Error probabilities},
  author={Ewing, Brent and Green, Phil},
  journal={Genome Research},
  volume={8},
  number={3},
  pages={186--194},
  year={1998},
  publisher={Cold Spring Harbor Lab}
}

@article{scikit-learn,
 title={Scikit-learn: Machine Learning in {P}ython},
 author={Pedregosa, F. and Varoquaux, G. and Gramfort, A. and Michel, V.
         and Thirion, B. and Grisel, O. and Blondel, M. and Prettenhofer, P.
         and Weiss, R. and Dubourg, V. and Vanderplas, J. and Passos, A. and
         Cournapeau, D. and Brucher, M. and Perrot, M. and Duchesnay, E.},
 journal={Journal of Machine Learning Research},
 volume={12},
 pages={2825--2830},
 year={2011}
}

@inproceedings{macqueen1967some,
  title={Some methods for classification and analysis of multivariate observations},
  author={MacQueen, James and others},
  booktitle={Proceedings of the Fifth Berkeley Symposium on Mathematical Statistics and Probability},
  volume={1},
  number={14},
  pages={281--297},
  year={1967},
  organization={California, USA}
}

@article{mckenna2010genome,
  title={The {Genome Analysis Toolkit}: a {MapReduce} framework for analyzing next-generation {DNA} sequencing data},
  author={McKenna, Aaron and Hanna, Matthew and Banks, Eric and Sivachenko, Andrey and Cibulskis, Kristian and Kernytsky, Andrew and Garimella, Kiran and Altshuler, David and Gabriel, Stacey and Daly, Mark and others},
  journal={Genome Research},
  volume={20},
  number={9},
  pages={1297--1303},
  year={2010},
  publisher={Cold Spring Harbor Lab}
}

@article{ochoa2013qualcomp,
  title={{QualComp}: a new lossy compressor for quality scores based on rate distortion theory},
  author={Ochoa, Idoia and Asnani, Himanshu and Bharadia, Dinesh and Chowdhury, Mainak and Weissman, Tsachy and Yona, Golan},
  journal={BMC Bioinformatics},
  volume={14},
  number={1},
  pages={187},
  year={2013},
  publisher={BioMed Central Ltd}
}

@article{kozanitis2011compressing,
  title={Compressing genomic sequence fragments using {SlimGene}},
  author={Kozanitis, Christos and Saunders, Chris and Kruglyak, Semyon and Bafna, Vineet and Varghese, George},
  journal={Journal of Computational Biology},
  volume={18},
  number={3},
  pages={401--413},
  year={2011},
  publisher={Mary Ann Liebert, Inc. 140 Huguenot Street, 3rd Floor New Rochelle, NY 10801 USA}
}

@article{ferrarini2013evaluation,
  title={An evaluation of the {PacBio RS} platform for sequencing and de novo assembly of a chloroplast genome},
  author={Ferrarini, Marco and Moretto, Marco and Ward, Judson A and Stevanovi, Vladimir and Giongo, Lara and Viola, Roberto and Cavalieri, Duccio and Velasco, Riccardo and Cestaro, Alessandro and Sargent, Daniel J and others},
  journal={BMC Genomics},
  volume={14},
  number={1},
  pages={670},
  year={2013},
  publisher={BioMed Central Ltd}
}

@article{cock2010sanger,
  title={The {Sanger} {FASTQ} file format for sequences with quality scores, and the {Solexa/Illumina FASTQ} variants},
  author={Cock, Peter JA and Fields, Christopher J and Goto, Naohisa and Heuer, Michael L and Rice, Peter M},
  journal={Nucleic Acids Research},
  volume={38},
  number={6},
  pages={1767--1771},
  year={2010},
  publisher={Oxford Univ Press}
}

@article{earl2011assemblathon,
  title={Assemblathon 1: A competitive assessment of de novo short read assembly methods},
  author={Earl, Dent and Bradnam, Keith and John, John St and Darling, Aaron and Lin, Dawei and Fass, Joseph and Yu, Hung On Ken and Buffalo, Vince and Zerbino, Daniel R and Diekhans, Mark and others},
  journal={Genome Research},
  volume={21},
  number={12},
  pages={2224--2241},
  year={2011},
  publisher={Cold Spring Harbor Lab}
}

@article{koren2013reducing,
  title={Reducing assembly complexity of microbial genomes with single-molecule sequencing},
  author={Koren, Sergey and Harhay, Gregory P and Smith, TP and Bono, James L and Harhay, Dayna M and Mcvey, Scott D and Radune, Diana and Bergman, Nicholas H and Phillippy, Adam M},
  journal={Genome Biol},
  volume={14},
  number={9},
  pages={R101},
  year={2013}
}

@article{mcgill1978variations,
  title={Variations of box plots},
  author={McGill, Robert and Tukey, John W and Larsen, Wayne A},
  journal={The American Statistician},
  volume={32},
  number={1},
  pages={12--16},
  year={1978},
  publisher={Taylor \& Francis Group}
}

@comment{jabref-meta: selector_publisher:}

@comment{jabref-meta: selector_publisher:}

@comment{jabref-meta: selector_publisher:}

@comment{jabref-meta: selector_publisher:}

@comment{jabref-meta: selector_publisher:}

@comment{jabref-meta: selector_author:}

@comment{jabref-meta: selector_journal:}

@comment{jabref-meta: selector_keywords:}